
@article{blei,
	title = {Latent dirichlet allocation},
	volume = {3},
	url = {http://www.jmlr.org/papers/v3/blei03a.html},
	number = {Jan},
	urldate = {2016-12-06},
	journal = {Journal of machine Learning research},
	author = {Blei, David M. and Ng, Andrew Y. and Jordan, Michael I.},
	year = {2003},
	pages = {993--1022},
	file = {BleiNgJordan2003.pdf:/home/chipbuster/.zotero/zotero/eift2086.default/zotero/storage/NMJ8MPMN/BleiNgJordan2003.pdf:application/pdf}
}

@article{hoffman,
	title = {Stochastic variational inference.},
	volume = {14},
	url = {http://www.jmlr.org/papers/volume14/hoffman13a/hoffman13a.pdf},
	number = {1},
	urldate = {2016-12-06},
	journal = {Journal of Machine Learning Research},
	author = {Hoffman, Matthew D. and Blei, David M. and Wang, Chong and Paisley, John William},
	year = {2013},
	pages = {1303--1347},
	file = {hoffman13a.pdf:/home/chipbuster/.zotero/zotero/eift2086.default/zotero/storage/8HNH4UVF/hoffman13a.pdf:application/pdf}
}